<record><leader>00000cas a2200000 a 4500</leader><controlfield tag="001">12962635</controlfield><controlfield tag="008">860102d18861960ohudr ne      0    0eng  </controlfield><datafield ind1=" " ind2=" " tag="010"><subfield code="a">sn 86071000 </subfield></datafield><datafield ind1=" " ind2=" " tag="040"><subfield code="a">DLC</subfield><subfield code="b">eng</subfield><subfield code="c">DLC</subfield><subfield code="d">ONP</subfield><subfield code="d">NVF</subfield><subfield code="d">CRL</subfield><subfield code="d">MHN</subfield><subfield code="d">DLC</subfield><subfield code="d">OCLCQ</subfield><subfield code="d">OCLCF</subfield></datafield><datafield ind1="1" ind2=" " tag="029"><subfield code="a">AU@</subfield><subfield code="b">000022104859</subfield></datafield><datafield ind1=" " ind2=" " tag="042"><subfield code="a">pcc</subfield></datafield><datafield ind1=" " ind2=" " tag="043"><subfield code="a">n-us-oh</subfield></datafield><datafield ind1="0" ind2="0" tag="050"><subfield code="a">Newspaper</subfield></datafield><datafield ind1="0" ind2=" " tag="130"><subfield code="a">Toledo blade (Toledo, Ohio : 1886)</subfield></datafield><datafield ind1="1" ind2="0" tag="245"><subfield code="a">Toledo blade.</subfield></datafield><datafield ind1="1" ind2=" " tag="246"><subfield code="i">Sunday issues have title:</subfield><subfield code="a">Toledo Sunday blade</subfield></datafield><datafield ind1=" " ind2=" " tag="260"><subfield code="a">Toledo, Ohio :</subfield><subfield code="b">Toledo Blade Co.,</subfield><subfield code="c">[1886-1960]</subfield></datafield><datafield ind1=" " ind2=" " tag="300"><subfield code="a">72 v. :</subfield><subfield code="b">ill. ;</subfield><subfield code="c">59 cm.</subfield></datafield><datafield ind1=" " ind2=" " tag="310"><subfield code="a">Daily,</subfield><subfield code="b">Aug. 1, 1948-1960</subfield></datafield><datafield ind1=" " ind2=" " tag="321"><subfield code="a">Daily (except Sunday),</subfield><subfield code="b">1886-July 31, 1948</subfield></datafield><datafield ind1="0" ind2=" " tag="362"><subfield code="a">Vol. 39, no. 15 (Mar. 24, 1886)-v. 110, no. 2 (Jan. 2, 1960).</subfield></datafield><datafield ind1=" " ind2=" " tag="500"><subfield code="a">Issue called: 100th Anniversary ed., Oct. 24, 1936.</subfield></datafield><datafield ind1=" " ind2=" " tag="525"><subfield code="a">Some issues accompanied by supplements.</subfield></datafield><datafield ind1=" " ind2=" " tag="530"><subfield code="a">Also issued on microfilm from Ohio Historical Society, and the Library of Congress, Photoduplication Service.</subfield></datafield><datafield ind1=" " ind2=" " tag="555"><subfield code="a">Subject and personal name index: 1936-1938. 3 v.</subfield></datafield><datafield ind1=" " ind2=" " tag="580"><subfield code="a">Weekly ed.: Toledo weekly blade, 1886-Oct. 9, 1924.</subfield></datafield><datafield ind1=" " ind2="0" tag="651"><subfield code="a">Lucas County (Ohio)</subfield><subfield code="v">Newspapers.</subfield></datafield><datafield ind1=" " ind2="0" tag="651"><subfield code="a">Toledo (Ohio)</subfield><subfield code="v">Newspapers.</subfield></datafield><datafield ind1=" " ind2="7" tag="655"><subfield code="a">Newspapers.</subfield><subfield code="2">fast</subfield><subfield code="0">(OCoLC)fst01423814</subfield></datafield><datafield ind1=" " ind2="7" tag="651"><subfield code="a">Ohio</subfield><subfield code="z">Lucas County.</subfield><subfield code="2">fast</subfield><subfield code="0">(OCoLC)fst01208887</subfield></datafield><datafield ind1=" " ind2="7" tag="651"><subfield code="a">Ohio</subfield><subfield code="z">Toledo.</subfield><subfield code="2">fast</subfield><subfield code="0">(OCoLC)fst01211740</subfield></datafield><datafield ind1=" " ind2=" " tag="752"><subfield code="a">United States</subfield><subfield code="b">Ohio</subfield><subfield code="c">Lucas</subfield><subfield code="d">Toledo.</subfield></datafield><datafield ind1="1" ind2=" " tag="775"><subfield code="t">Toledo weekly blade</subfield><subfield code="w">(DLC)sn 85026290</subfield><subfield code="w">(OCoLC)12142390</subfield></datafield><datafield ind1="0" ind2="0" tag="780"><subfield code="t">Toledo daily blade (Toledo, Ohio : 1862)</subfield><subfield code="w">(DLC)sn 83045423</subfield><subfield code="w">(OCoLC)9463860</subfield></datafield><datafield ind1="0" ind2="0" tag="785"><subfield code="t">Blade (Toledo, Ohio)</subfield><subfield code="w">(DLC)sn 86071001</subfield><subfield code="w">(OCoLC)12962717</subfield></datafield></record>